@book{franklin,
  title={Feedback Control of Dynamic Systems},
  author={J. David Powell and Franklin, G.F. and Emami-Naeini, A. and The, M.},
  isbn={9781447935377},
  year={2012},
  publisher={Pearson Education, Limited}
}

@article{eerland2011leaning,
  title={Leaning to the Left Makes the Eiffel Tower Seem Smaller Posture-Modulated Estimation},
  author={Eerland, Anita and Guadalupe, Tulio M and Zwaan, Rolf A},
  journal={Psychological science},
  volume={22},
  number={12},
  pages={1511--1514},
  year={2011},
  publisher={Sage Publications}
}
